@inproceedings{fcs.sbseg20,
    title     = "Freechains: Dissemina{\c{c}}\~ao de Conte\'udo Peer-to-Peer",
    author    = "Francisco Sant'Anna and Fabio Bosisio and Lucas Pires",
    booktitle = "Workshop on Tools, SBSeg'20"
}
%url = "http://sbseg.sbc.org.br/2020/pt/programacao_pt.html"

@misc{internet.fixing,
  title={Fixing the Internet},
  author={Jonathan Zittrain},
  year={2018},
  publisher={American Association for the Advancement of Science}
}

@article{p2p.intention,
  title={Achieving convergence, causality preservation, and intention preservation in real-time cooperative editing systems},
  author={Sun, Chengzheng and Jia, Xiaohua and Zhang, Yanchun and Yang, Yun and Chen, David},
  journal={ACM Transactions on Computer-Human Interaction (TOCHI)},
  volume={5},
  number={1},
  pages={63--108},
  year={1998},
  publisher={ACM New York, NY, USA}
}

@inproceedings{p2p.crdts,
  title={Conflict-free replicated data types},
  author={Shapiro, Marc and Pregui{\c{c}}a, Nuno and Baquero, Carlos and Zawirski, Marek},
  booktitle={Symposium on Self-Stabilizing Systems},
  pages={386--400},
  year={2011},
  organization={Springer}
}

@inproceedings{p2p.proofs,
  title={Comparative analysis of blockchain consensus algorithms},
  author={Bach, Leo Maxim and Mihaljevic, Branko and Zagar, Mario},
  booktitle={2018 41st International Convention on Information and Communication Technology, Electronics and Microelectronics (MIPRO)},
  pages={1545--1550},
  year={2018},
  organization={IEEE}
}

@inproceedings{p2p.prune,
  title={How to Securely Prune Bitcoinâ€™s Blockchain},
  author={Matzutt, Roman and Kalde, Benedikt and Pennekamp, Jan and Drichel, Arthur and Henze, Martin and Wehrle, Klaus},
  booktitle={2020 IFIP Networking Conference (Networking)},
  pages={298--306},
  year={2020},
  organization={IEEE}
}

@misc{p2p.merkle-crdts,
      title={Merkle-CRDTs: Merkle-DAGs meet CRDTs},
      author={Hector Sanjuan and Samuli Poyhtari and Pedro Teixeira and Ioannis Psaras},
      year={2020},
      eprint={2004.00107},
      archivePrefix={arXiv},
      primaryClass={cs.NI}
}

@article{p2p.osn,
  title={Peer-to-Peer-Based Social Networks: A Comprehensive Survey},
  author={Masinde, Newton and Graffi, Kalman},
  journal={SN Computer Science},
  volume={1},
  number={5},
  pages={1--51},
  year={2020},
  publisher={Springer}
}

@article{p2p.survey,
author = {Stephanos Androutsellis Theotokis and Diomidis Spinellis},
title = {A Survey of Peer-to-Peer Content Distribution Technologies},
year = {2004},
issue_date = {December 2004},
publisher = {Association for Computing Machinery},
address = {New York, NY, USA},
issn = {0360-0300},
doi = {10.1145/1041680.1041681},
journal = {ACM Comput. Surv.},
month = dec,
numpages = {37},
keywords = {DOLR, DHT, peer-to-peer, p2p, Content distribution, grid computing}
}
%url = {https://doi.org/10.1145/1041680.1041681},
%volume = {36},
%number = {4},
%pages = {335--371},

@inproceedings{p2p.local,
  title={Local-first software: you own your data, in spite of the cloud},
  author={Kleppmann, Martin and Wiggins, Adam and van Hardenberg, Peter and McGranaghan, Mark},
  booktitle={Proceedings of Onward'19},
  pages={154--178},
  year={2019}
}

@techreport{p2p.bitcoin,
  title={Bitcoin: A peer-to-peer electronic cash system},
  author={Satoshi Nakamoto},
  year={2019}
}
%institution={Manubot}

@inproceedings{p2p.scuttlebutt,
  title={Secure Scuttlebutt: An Identity-Centric Protocol for Subjective and Decentralized Applications},
  author={Dominic Tarr and others},
  booktitle={Proceedings of ACM ICN'19},
  pages={1--11},
  year={2019}
}

@article{p2p.ipfs,
  title={Ipfs-content addressed, versioned, p2p file system},
  author={Juan Benet},
  journal={arXiv preprint arXiv:1407.3561},
  year={2014}
}

@article{p2p.dat,
  title={The Dat Project, an open and decentralized research data tool},
  author={Robinson, Danielle C and Hand, Joe A and Madsen, Mathias Buus and McKelvey, Karissa R},
  journal={Scientific data},
  volume={5},
  number={1},
  pages={1--4},
  year={2018},
  publisher={Nature Publishing Group}
}

@book{pubsub.xmpp,
  title={XMPP: the definitive guide},
  author={Saint-Andre, Peter and Smith, Kevin and Tron{\c{c}}on, Remko and Troncon, Remko},
  year={2009},
  publisher={" O'Reilly Media, Inc."}
}

@misc{pubsub.activitypub,
  title={ActivityPub},
  author={Webber, Christopher and Tallon, Jessica and Shepherd, O},
  year={2018},
  publisher={W3C Recommendation, W3C, Jan}
}

@inproceedings{pubsub.tera,
  title={TERA: topic-based event routing for peer-to-peer architectures},
  author={Baldoni, Roberto and Beraldi, Roberto and Quema, Vivien and Querzoni, Leonardo and Tucci-Piergiovanni, Sara},
  booktitle={Proceedings of the 2007 inaugural international conference on Distributed event-based systems},
  pages={2--13},
  year={2007}
}

@article{pubsub.rappel,
  title={Rappel: Exploiting interest and network locality to improve fairness in publish-subscribe systems},
  author={Patel, Jay A and Rivi{\`e}re, {\'E}tienne and Gupta, Indranil and Kermarrec, Anne-Marie},
  journal={Computer Networks},
  volume={53},
  number={13},
  pages={2304--2320},
  year={2009},
  publisher={Elsevier}
}

@inproceedings{pubsub.stan,
  title={StAN: exploiting shared interests without disclosing them in gossip-based publish/subscribe.},
  author={Matos, Miguel and Nunes, Ana and Oliveira, Rui and Pereira, Jos{\'e}},
  booktitle={IPTPS},
  pages={9},
  year={2010}
}

@inproceedings{pubsub.vitis,
  title={Vitis: A gossip-based hybrid overlay for internet-scale publish/subscribe enabling rendezvous routing in unstructured overlay networks},
  author={Rahimian, Fatemeh and Girdzijauskas, Sarunas and Payberah, Amir H and Haridi, Seif},
  booktitle={2011 IEEE International Parallel \& Distributed Processing Symposium},
  pages={746--757},
  year={2011},
  organization={IEEE}
}

@techreport{pubsub.gossipsub,
  title={GossipSub: A Secure PubSub Protocol for Unstructured, Decentralised P2P Overlays},
  author={Vyzovitis, Dimitris and Psaras, Yiannis},
  year={2019},
  institution={Protocol Labs}
}

@techreport{pubsub.gossipsub2,
  title={GossipSub: Attack-Resilient Message Propagation in the Filecoin and ETH2. 0 Networks},
  author={Vyzovitis, Dimitris and Napora, Yusef and McCormick, Dirk and Dias, David and Psaras, Yiannis},
  institution={Protocol Labs},
  year={2020}
}

@techreport{p2p.ecosystem,
    title = "Decentralized Social Ecosystem Review",
    author = "Jay Graber",
    year = 2021,
    institution = "BlueSky",
}
